{
  "name": "mart_daily_employee_sales",
  "sql": "WITH base AS (\n  SELECT\n    date(ceo.order_date) AS day,\n    ceo.employee_id,\n    ceo.first_name || ' ' || ceo.last_name AS employee_name,\n    COUNT(DISTINCT ceo.order_id) AS orders_count,\n    SUM(od.UnitPrice * od.Quantity * (1 - COALESCE(od.Discount, 0))) AS total_sales,\n    SUM(od.Quantity) AS total_quantity\n  FROM curated_employee_order ceo\n  JOIN \"OrderDetail\" od\n    ON od.OrderId = ceo.order_id\n  GROUP BY day, ceo.employee_id, employee_name\n)\nSELECT\n  day,\n  employee_id,\n  employee_name,\n  orders_count,\n  total_quantity,\n  total_sales\nFROM base\nORDER BY day DESC, total_sales DESC;",
  "tableDescription": "",
  "documentation": [
    {
      "name": "day",
      "type": "date",
      "nullable": false,
      "unique": false,
      "description": "",
      "testNull": false,
      "testUnique": false,
      "acceptedValues": ""
    },
    {
      "name": "employee_id",
      "type": "number",
      "nullable": false,
      "unique": false,
      "description": "",
      "testNull": false,
      "testUnique": false,
      "acceptedValues": ""
    },
    {
      "name": "employee_name",
      "type": "string",
      "nullable": false,
      "unique": false,
      "description": "",
      "testNull": false,
      "testUnique": false,
      "acceptedValues": ""
    },
    {
      "name": "orders_count",
      "type": "number",
      "nullable": false,
      "unique": false,
      "description": "",
      "testNull": false,
      "testUnique": false,
      "acceptedValues": ""
    },
    {
      "name": "total_quantity",
      "type": "number",
      "nullable": false,
      "unique": false,
      "description": "",
      "testNull": false,
      "testUnique": false,
      "acceptedValues": ""
    },
    {
      "name": "total_sales",
      "type": "number",
      "nullable": false,
      "unique": true,
      "description": "",
      "testNull": false,
      "testUnique": false,
      "acceptedValues": ""
    }
  ],
  "preview": [
    {
      "day": "2012-11-06",
      "employee_id": 4,
      "employee_name": "Margaret Peacock",
      "orders_count": 1,
      "total_quantity": 70,
      "total_sales": 814.42
    },
    {
      "day": "2012-11-05",
      "employee_id": 3,
      "employee_name": "Janet Leverling",
      "orders_count": 1,
      "total_quantity": 56,
      "total_sales": 1618.88
    },
    {
      "day": "2012-11-04",
      "employee_id": 2,
      "employee_name": "Andrew Fuller",
      "orders_count": 1,
      "total_quantity": 159,
      "total_sales": 2924.8
    },
    {
      "day": "2012-11-01",
      "employee_id": 4,
      "employee_name": "Margaret Peacock",
      "orders_count": 1,
      "total_quantity": 105,
      "total_sales": 2296
    },
    {
      "day": "2012-10-31",
      "employee_id": 4,
      "employee_name": "Margaret Peacock",
      "orders_count": 1,
      "total_quantity": 69,
      "total_sales": 1584
    },
    {
      "day": "2012-10-30",
      "employee_id": 4,
      "employee_name": "Margaret Peacock",
      "orders_count": 1,
      "total_quantity": 160,
      "total_sales": 1840.64
    },
    {
      "day": "2012-10-29",
      "employee_id": 1,
      "employee_name": "Nancy Davolio",
      "orders_count": 1,
      "total_quantity": 72,
      "total_sales": 2436.18
    },
    {
      "day": "2012-10-29",
      "employee_id": 7,
      "employee_name": "Robert King",
      "orders_count": 1,
      "total_quantity": 17,
      "total_sales": 352.59999999999997
    },
    {
      "day": "2012-10-28",
      "employee_id": 2,
      "employee_name": "Andrew Fuller",
      "orders_count": 1,
      "total_quantity": 108,
      "total_sales": 3354
    },
    {
      "day": "2012-10-25",
      "employee_id": 4,
      "employee_name": "Margaret Peacock",
      "orders_count": 1,
      "total_quantity": 35,
      "total_sales": 934.5
    },
    {
      "day": "2012-10-24",
      "employee_id": 4,
      "employee_name": "Margaret Peacock",
      "orders_count": 1,
      "total_quantity": 137,
      "total_sales": 2467
    },
    {
      "day": "2012-10-23",
      "employee_id": 7,
      "employee_name": "Robert King",
      "orders_count": 1,
      "total_quantity": 18,
      "total_sales": 285.12
    },
    {
      "day": "2012-10-22",
      "employee_id": 7,
      "employee_name": "Robert King",
      "orders_count": 1,
      "total_quantity": 86,
      "total_sales": 2036.1599999999999
    },
    {
      "day": "2012-10-21",
      "employee_id": 8,
      "employee_name": "Laura Callahan",
      "orders_count": 1,
      "total_quantity": 18,
      "total_sales": 144.8
    },
    {
      "day": "2012-10-18",
      "employee_id": 5,
      "employee_name": "Steven Buchanan",
      "orders_count": 1,
      "total_quantity": 60,
      "total_sales": 877.2
    },
    {
      "day": "2012-10-17",
      "employee_id": 3,
      "employee_name": "Janet Leverling",
      "orders_count": 1,
      "total_quantity": 66,
      "total_sales": 1786.88
    },
    {
      "day": "2012-10-16",
      "employee_id": 3,
      "employee_name": "Janet Leverling",
      "orders_count": 1,
      "total_quantity": 75,
      "total_sales": 1649
    },
    {
      "day": "2012-10-16",
      "employee_id": 9,
      "employee_name": "Anne Dodsworth",
      "orders_count": 1,
      "total_quantity": 15,
      "total_sales": 88.5
    },
    {
      "day": "2012-10-15",
      "employee_id": 4,
      "employee_name": "Margaret Peacock",
      "orders_count": 1,
      "total_quantity": 50,
      "total_sales": 4578.429999999999
    },
    {
      "day": "2012-10-14",
      "employee_id": 4,
      "employee_name": "Margaret Peacock",
      "orders_count": 1,
      "total_quantity": 59,
      "total_sales": 1168
    },
    {
      "day": "2012-10-11",
      "employee_id": 2,
      "employee_name": "Andrew Fuller",
      "orders_count": 1,
      "total_quantity": 140,
      "total_sales": 1810
    },
    {
      "day": "2012-10-10",
      "employee_id": 4,
      "employee_name": "Margaret Peacock",
      "orders_count": 1,
      "total_quantity": 90,
      "total_sales": 982
    },
    {
      "day": "2012-10-09",
      "employee_id": 1,
      "employee_name": "Nancy Davolio",
      "orders_count": 1,
      "total_quantity": 71,
      "total_sales": 1497
    },
    {
      "day": "2012-10-08",
      "employee_id": 9,
      "employee_name": "Anne Dodsworth",
      "orders_count": 1,
      "total_quantity": 241,
      "total_sales": 5275.715
    },
    {
      "day": "2012-10-07",
      "employee_id": 4,
      "employee_name": "Margaret Peacock",
      "orders_count": 1,
      "total_quantity": 13,
      "total_sales": 164.4
    },
    {
      "day": "2012-10-04",
      "employee_id": 7,
      "employee_name": "Robert King",
      "orders_count": 1,
      "total_quantity": 20,
      "total_sales": 112
    },
    {
      "day": "2012-10-03",
      "employee_id": 5,
      "employee_name": "Steven Buchanan",
      "orders_count": 1,
      "total_quantity": 30,
      "total_sales": 516
    },
    {
      "day": "2012-10-03",
      "employee_id": 3,
      "employee_name": "Janet Leverling",
      "orders_count": 1,
      "total_quantity": 10,
      "total_sales": 144
    },
    {
      "day": "2012-10-02",
      "employee_id": 7,
      "employee_name": "Robert King",
      "orders_count": 1,
      "total_quantity": 52,
      "total_sales": 1191.2
    },
    {
      "day": "2012-10-01",
      "employee_id": 8,
      "employee_name": "Laura Callahan",
      "orders_count": 1,
      "total_quantity": 26,
      "total_sales": 240.4
    },
    {
      "day": "2012-09-30",
      "employee_id": 6,
      "employee_name": "Michael Suyama",
      "orders_count": 1,
      "total_quantity": 20,
      "total_sales": 288
    },
    {
      "day": "2012-09-27",
      "employee_id": 1,
      "employee_name": "Nancy Davolio",
      "orders_count": 1,
      "total_quantity": 80,
      "total_sales": 2835
    },
    {
      "day": "2012-09-26",
      "employee_id": 4,
      "employee_name": "Margaret Peacock",
      "orders_count": 1,
      "total_quantity": 44,
      "total_sales": 516.8
    },
    {
      "day": "2012-09-25",
      "employee_id": 1,
      "employee_name": "Nancy Davolio",
      "orders_count": 1,
      "total_quantity": 95,
      "total_sales": 2094.3
    },
    {
      "day": "2012-09-24",
      "employee_id": 2,
      "employee_name": "Andrew Fuller",
      "orders_count": 1,
      "total_quantity": 12,
      "total_sales": 182.39999999999998
    },
    {
      "day": "2012-09-23",
      "employee_id": 2,
      "employee_name": "Andrew Fuller",
      "orders_count": 1,
      "total_quantity": 58,
      "total_sales": 1614.8
    },
    {
      "day": "2012-09-20",
      "employee_id": 8,
      "employee_name": "Laura Callahan",
      "orders_count": 1,
      "total_quantity": 15,
      "total_sales": 336
    },
    {
      "day": "2012-09-20",
      "employee_id": 1,
      "employee_name": "Nancy Davolio",
      "orders_count": 1,
      "total_quantity": 13,
      "total_sales": 268.79999999999995
    },
    {
      "day": "2012-09-19",
      "employee_id": 3,
      "employee_name": "Janet Leverling",
      "orders_count": 1,
      "total_quantity": 75,
      "total_sales": 1762
    },
    {
      "day": "2012-09-18",
      "employee_id": 7,
      "employee_name": "Robert King",
      "orders_count": 1,
      "total_quantity": 6,
      "total_sales": 88.8
    },
    {
      "day": "2012-09-17",
      "employee_id": 2,
      "employee_name": "Andrew Fuller",
      "orders_count": 1,
      "total_quantity": 13,
      "total_sales": 424
    },
    {
      "day": "2012-09-16",
      "employee_id": 1,
      "employee_name": "Nancy Davolio",
      "orders_count": 1,
      "total_quantity": 25,
      "total_sales": 498.5
    },
    {
      "day": "2012-09-13",
      "employee_id": 8,
      "employee_name": "Laura Callahan",
      "orders_count": 1,
      "total_quantity": 80,
      "total_sales": 3741.3
    },
    {
      "day": "2012-09-12",
      "employee_id": 1,
      "employee_name": "Nancy Davolio",
      "orders_count": 1,
      "total_quantity": 42,
      "total_sales": 954.4
    },
    {
      "day": "2012-09-11",
      "employee_id": 7,
      "employee_name": "Robert King",
      "orders_count": 1,
      "total_quantity": 85,
      "total_sales": 1117.8000000000002
    },
    {
      "day": "2012-09-10",
      "employee_id": 4,
      "employee_name": "Margaret Peacock",
      "orders_count": 1,
      "total_quantity": 80,
      "total_sales": 2708.7999999999997
    },
    {
      "day": "2012-09-09",
      "employee_id": 8,
      "employee_name": "Laura Callahan",
      "orders_count": 1,
      "total_quantity": 30,
      "total_sales": 755
    },
    {
      "day": "2012-09-09",
      "employee_id": 2,
      "employee_name": "Andrew Fuller",
      "orders_count": 1,
      "total_quantity": 50,
      "total_sales": 608
    },
    {
      "day": "2012-09-06",
      "employee_id": 4,
      "employee_name": "Margaret Peacock",
      "orders_count": 1,
      "total_quantity": 35,
      "total_sales": 349.5
    },
    {
      "day": "2012-09-05",
      "employee_id": 6,
      "employee_name": "Michael Suyama",
      "orders_count": 1,
      "total_quantity": 125,
      "total_sales": 2645
    },
    {
      "day": "2012-09-04",
      "employee_id": 5,
      "employee_name": "Steven Buchanan",
      "orders_count": 1,
      "total_quantity": 80,
      "total_sales": 1420
    },
    {
      "day": "2012-09-03",
      "employee_id": 6,
      "employee_name": "Michael Suyama",
      "orders_count": 1,
      "total_quantity": 57,
      "total_sales": 1050.6
    },
    {
      "day": "2012-09-02",
      "employee_id": 2,
      "employee_name": "Andrew Fuller",
      "orders_count": 1,
      "total_quantity": 4,
      "total_sales": 121.6
    },
    {
      "day": "2012-08-30",
      "employee_id": 4,
      "employee_name": "Margaret Peacock",
      "orders_count": 1,
      "total_quantity": 75,
      "total_sales": 1887.6
    },
    {
      "day": "2012-08-29",
      "employee_id": 1,
      "employee_name": "Nancy Davolio",
      "orders_count": 1,
      "total_quantity": 33,
      "total_sales": 848.7
    },
    {
      "day": "2012-08-28",
      "employee_id": 1,
      "employee_name": "Nancy Davolio",
      "orders_count": 1,
      "total_quantity": 20,
      "total_sales": 1296
    },
    {
      "day": "2012-08-27",
      "employee_id": 8,
      "employee_name": "Laura Callahan",
      "orders_count": 1,
      "total_quantity": 60,
      "total_sales": 2169
    },
    {
      "day": "2012-08-27",
      "employee_id": 6,
      "employee_name": "Michael Suyama",
      "orders_count": 1,
      "total_quantity": 46,
      "total_sales": 497.52
    },
    {
      "day": "2012-08-26",
      "employee_id": 7,
      "employee_name": "Robert King",
      "orders_count": 1,
      "total_quantity": 39,
      "total_sales": 479.4
    },
    {
      "day": "2012-08-23",
      "employee_id": 4,
      "employee_name": "Margaret Peacock",
      "orders_count": 1,
      "total_quantity": 13,
      "total_sales": 80.1
    },
    {
      "day": "2012-08-22",
      "employee_id": 8,
      "employee_name": "Laura Callahan",
      "orders_count": 1,
      "total_quantity": 75,
      "total_sales": 819
    },
    {
      "day": "2012-08-21",
      "employee_id": 8,
      "employee_name": "Laura Callahan",
      "orders_count": 1,
      "total_quantity": 140,
      "total_sales": 3016
    },
    {
      "day": "2012-08-20",
      "employee_id": 1,
      "employee_name": "Nancy Davolio",
      "orders_count": 1,
      "total_quantity": 121,
      "total_sales": 1743.36
    },
    {
      "day": "2012-08-19",
      "employee_id": 4,
      "employee_name": "Margaret Peacock",
      "orders_count": 1,
      "total_quantity": 61,
      "total_sales": 1170.375
    },
    {
      "day": "2012-08-16",
      "employee_id": 3,
      "employee_name": "Janet Leverling",
      "orders_count": 1,
      "total_quantity": 76,
      "total_sales": 1414.8
    },
    {
      "day": "2012-08-15",
      "employee_id": 4,
      "employee_name": "Margaret Peacock",
      "orders_count": 1,
      "total_quantity": 8,
      "total_sales": 155.39999999999998
    },
    {
      "day": "2012-08-14",
      "employee_id": 2,
      "employee_name": "Andrew Fuller",
      "orders_count": 1,
      "total_quantity": 62,
      "total_sales": 613.2
    },
    {
      "day": "2012-08-14",
      "employee_id": 4,
      "employee_name": "Margaret Peacock",
      "orders_count": 1,
      "total_quantity": 11,
      "total_sales": 86.5
    },
    {
      "day": "2012-08-13",
      "employee_id": 8,
      "employee_name": "Laura Callahan",
      "orders_count": 1,
      "total_quantity": 15,
      "total_sales": 351
    },
    {
      "day": "2012-08-12",
      "employee_id": 8,
      "employee_name": "Laura Callahan",
      "orders_count": 1,
      "total_quantity": 64,
      "total_sales": 1488.8
    },
    {
      "day": "2012-08-09",
      "employee_id": 2,
      "employee_name": "Andrew Fuller",
      "orders_count": 1,
      "total_quantity": 32,
      "total_sales": 1200.8
    },
    {
      "day": "2012-08-08",
      "employee_id": 8,
      "employee_name": "Laura Callahan",
      "orders_count": 1,
      "total_quantity": 25,
      "total_sales": 420
    },
    {
      "day": "2012-08-07",
      "employee_id": 1,
      "employee_name": "Nancy Davolio",
      "orders_count": 1,
      "total_quantity": 18,
      "total_sales": 291.84
    },
    {
      "day": "2012-08-06",
      "employee_id": 6,
      "employee_name": "Michael Suyama",
      "orders_count": 1,
      "total_quantity": 27,
      "total_sales": 538.6
    },
    {
      "day": "2012-08-05",
      "employee_id": 3,
      "employee_name": "Janet Leverling",
      "orders_count": 1,
      "total_quantity": 152,
      "total_sales": 2037.28
    },
    {
      "day": "2012-08-02",
      "employee_id": 6,
      "employee_name": "Michael Suyama",
      "orders_count": 1,
      "total_quantity": 70,
      "total_sales": 1456
    },
    {
      "day": "2012-08-01",
      "employee_id": 1,
      "employee_name": "Nancy Davolio",
      "orders_count": 1,
      "total_quantity": 55,
      "total_sales": 1376
    },
    {
      "day": "2012-08-01",
      "employee_id": 6,
      "employee_name": "Michael Suyama",
      "orders_count": 1,
      "total_quantity": 24,
      "total_sales": 48
    },
    {
      "day": "2012-07-31",
      "employee_id": 5,
      "employee_name": "Steven Buchanan",
      "orders_count": 1,
      "total_quantity": 80,
      "total_sales": 642.1999999999999
    },
    {
      "day": "2012-07-30",
      "employee_id": 8,
      "employee_name": "Laura Callahan",
      "orders_count": 1,
      "total_quantity": 14,
      "total_sales": 1101.2
    },
    {
      "day": "2012-07-29",
      "employee_id": 4,
      "employee_name": "Margaret Peacock",
      "orders_count": 1,
      "total_quantity": 135,
      "total_sales": 3536.6
    },
    {
      "day": "2012-07-26",
      "employee_id": 3,
      "employee_name": "Janet Leverling",
      "orders_count": 1,
      "total_quantity": 12,
      "total_sales": 346.55999999999995
    },
    {
      "day": "2012-07-25",
      "employee_id": 2,
      "employee_name": "Andrew Fuller",
      "orders_count": 1,
      "total_quantity": 50,
      "total_sales": 1176
    },
    {
      "day": "2012-07-24",
      "employee_id": 6,
      "employee_name": "Michael Suyama",
      "orders_count": 1,
      "total_quantity": 60,
      "total_sales": 695.625
    },
    {
      "day": "2012-07-23",
      "employee_id": 9,
      "employee_name": "Anne Dodsworth",
      "orders_count": 1,
      "total_quantity": 184,
      "total_sales": 1873.8
    },
    {
      "day": "2012-07-22",
      "employee_id": 8,
      "employee_name": "Laura Callahan",
      "orders_count": 1,
      "total_quantity": 29,
      "total_sales": 584
    },
    {
      "day": "2012-07-19",
      "employee_id": 4,
      "employee_name": "Margaret Peacock",
      "orders_count": 2,
      "total_quantity": 142,
      "total_sales": 1952.65
    },
    {
      "day": "2012-07-18",
      "employee_id": 4,
      "employee_name": "Margaret Peacock",
      "orders_count": 1,
      "total_quantity": 11,
      "total_sales": 100.8
    },
    {
      "day": "2012-07-17",
      "employee_id": 1,
      "employee_name": "Nancy Davolio",
      "orders_count": 1,
      "total_quantity": 121,
      "total_sales": 1614.88
    },
    {
      "day": "2012-07-16",
      "employee_id": 4,
      "employee_name": "Margaret Peacock",
      "orders_count": 1,
      "total_quantity": 46,
      "total_sales": 1119.9
    },
    {
      "day": "2012-07-15",
      "employee_id": 3,
      "employee_name": "Janet Leverling",
      "orders_count": 1,
      "total_quantity": 27,
      "total_sales": 517.8
    },
    {
      "day": "2012-07-12",
      "employee_id": 9,
      "employee_name": "Anne Dodsworth",
      "orders_count": 1,
      "total_quantity": 110,
      "total_sales": 2490.5
    },
    {
      "day": "2012-07-11",
      "employee_id": 5,
      "employee_name": "Steven Buchanan",
      "orders_count": 1,
      "total_quantity": 57,
      "total_sales": 556.62
    },
    {
      "day": "2012-07-10",
      "employee_id": 3,
      "employee_name": "Janet Leverling",
      "orders_count": 1,
      "total_quantity": 102,
      "total_sales": 1444.8000000000002
    },
    {
      "day": "2012-07-09",
      "employee_id": 4,
      "employee_name": "Margaret Peacock",
      "orders_count": 1,
      "total_quantity": 105,
      "total_sales": 3597.9
    },
    {
      "day": "2012-07-08",
      "employee_id": 4,
      "employee_name": "Margaret Peacock",
      "orders_count": 1,
      "total_quantity": 60,
      "total_sales": 1552.6
    },
    {
      "day": "2012-07-08",
      "employee_id": 3,
      "employee_name": "Janet Leverling",
      "orders_count": 1,
      "total_quantity": 41,
      "total_sales": 654.06
    },
    {
      "day": "2012-07-05",
      "employee_id": 6,
      "employee_name": "Michael Suyama",
      "orders_count": 1,
      "total_quantity": 49,
      "total_sales": 1863.4
    },
    {
      "day": "2012-07-04",
      "employee_id": 5,
      "employee_name": "Steven Buchanan",
      "orders_count": 1,
      "total_quantity": 27,
      "total_sales": 440
    }
  ],
  "timestamp": "2025-12-15T10:18:53.721Z"
}